<collection xmlns="http://www.loc.gov/MARC21/slim"><record><leader>00703nam  2200217   450</leader><controlfield tag="001">731</controlfield><controlfield tag="003">http://montalegre.opacnet.com/OPAC/default.aspx?ContentAreaControl=ShowRegHoldings.ascx&amp;RegNo=16662</controlfield><controlfield tag="005">20</controlfield><datafield tag="095" ind1=" " ind2=" "><subfield code="a">PTBN00040006</subfield></datafield><datafield tag="100" ind1=" " ind2=" "><subfield code="a">20070518d1984    m  y0pora010305  ba</subfield></datafield><datafield tag="101" ind1="0" ind2=" "><subfield code="a">por</subfield></datafield><datafield tag="102" ind1=" " ind2=" "><subfield code="a">PT</subfield></datafield><datafield tag="200" ind1="1" ind2=" "><subfield code="a">&lt;O &gt;corpo de Atena</subfield><subfield code="f">Rui Knopfli</subfield></datafield><datafield tag="210" ind1=" " ind2=" "><subfield code="a">Lisboa</subfield><subfield code="c">Imprensa Nacional - Casa da Moeda</subfield><subfield code="d">imp. 1984</subfield></datafield><datafield tag="215" ind1=" " ind2=" "><subfield code="a">69, [11] p.</subfield><subfield code="d">24 cm</subfield></datafield><datafield tag="225" ind1="2" ind2=" "><subfield code="a">Biblioteca de autores portugueses</subfield></datafield><datafield tag="675" ind1=" " ind2=" "><subfield code="a">821</subfield><subfield code="v">BN</subfield><subfield code="z">por</subfield></datafield><datafield tag="700" ind1=" " ind2="1"><subfield code="a">Knopfli</subfield><subfield code="b">Rui</subfield><subfield code="f">1932-1997</subfield></datafield><datafield tag="801" ind1=" " ind2="0"><subfield code="a">PT</subfield><subfield code="b">Biblioteca Municipal de Montalegre</subfield><subfield code="g">RPC</subfield></datafield><datafield tag="856" ind1=" " ind2=" "><subfield code="u">locateMedia.asp?cod=20060619115207&amp;ext=jpg</subfield><subfield code="z">CAPA</subfield></datafield><datafield tag="909" ind1="&#9;" ind2=" "><subfield code="a">2</subfield></datafield><datafield tag="966" ind1=" " ind2=" "><subfield code="a">0005751</subfield><subfield code="l">BMM</subfield><subfield code="s">SCG 82-1 KNO cor</subfield></datafield><datafield tag="966" ind1=" " ind2=" "><subfield code="a">1002662</subfield><subfield code="l">BEM</subfield><subfield code="s">BEM 82-1 KNO</subfield></datafield></record></collection>